@article{parmonad
  author = { Simon Marlow, Ryan Newton, Simon Peyton Jones}, 
  title = { A monad for deterministic parallelism }
}

@article{eden
  author = { Rita Loogen },
  title = { Eden â€” Parallel Functional Programming with Haskell}
}